@misc{Raymarch94:online,
author = {},
title = {Raymarching Distance Fields: Concepts and Implementation in Unity},
howpublished = {\url{https://flafla2.github.io/2016/10/01/raymarching.html}},
month = {},
year = {},
note = {(Accessed on 05/10/2020)}
}
@misc{Sierpins37:online,
author = {},
title = {Sierpinski Triangle Fractal - The easies - C++ Articles},
howpublished = {\url{https://jutge.org/doc/cplusplus.com/articles/LyTbqMoL/index.html}},
month = {},
year = {},
note = {(Accessed on 05/10/2020)}
}